<record><leader>00000cas a22000007a 4500</leader><controlfield tag="001">13858393</controlfield><controlfield tag="008">860711d18961898njumr ne      0    0eng d</controlfield><controlfield tag="009">5005</controlfield><datafield ind1=" " ind2=" " tag="010"><subfield code="a">sn 86077195 </subfield></datafield><datafield ind1=" " ind2=" " tag="040"><subfield code="a">NPA</subfield><subfield code="b">eng</subfield><subfield code="c">NPA</subfield><subfield code="d">MFN</subfield><subfield code="d">DLC</subfield></datafield><datafield ind1=" " ind2=" " tag="042"><subfield code="a">msc</subfield></datafield><datafield ind1=" " ind2="4" tag="050"><subfield code="a">HD8055.N4</subfield><subfield code="b">P31</subfield></datafield><datafield ind1="0" ind2=" " tag="130"><subfield code="a">National labor standard (Paterson, N.J. : Monthly)</subfield></datafield><datafield ind1="0" ind2="4" tag="245"><subfield code="a">The national labor standard.</subfield></datafield><datafield ind1=" " ind2=" " tag="260"><subfield code="a">Paterson, N.J. :</subfield><subfield code="b">[American Labor Standard Pub. Co.],</subfield></datafield><datafield ind1=" " ind2=" " tag="300"><subfield code="a">v.</subfield></datafield><datafield ind1=" " ind2=" " tag="310"><subfield code="a">Monthly</subfield></datafield><datafield ind1="0" ind2=" " tag="362"><subfield code="a">Vol. 1, no. 1 (July 1896)-</subfield></datafield><datafield ind1="1" ind2=" " tag="362"><subfield code="a">Ceased in 1898.</subfield></datafield><datafield ind1=" " ind2=" " tag="530"><subfield code="a">Also issued on microfilm by Micro Photo Div., Bell &amp; Howell Co.</subfield></datafield><datafield ind1=" " ind2=" " tag="580"><subfield code="a">Monthly edition of: Paterson labor standard, with which it merged in Oct. 1898 to form: National labor standard (Paterson, N.J. : Weekly)</subfield></datafield><datafield ind1=" " ind2=" " tag="752"><subfield code="a">United States</subfield><subfield code="b">New Jersey</subfield><subfield code="c">Passaic</subfield><subfield code="d">Paterson.</subfield></datafield><datafield ind1="1" ind2=" " tag="775"><subfield code="t">Paterson labor standard</subfield><subfield code="w">(DLC)sn 86077194</subfield></datafield><datafield ind1="1" ind2="7" tag="785"><subfield code="t">Paterson labor standard</subfield><subfield code="w">(DLC)sn 86077194</subfield></datafield><datafield ind1="1" ind2="7" tag="785"><subfield code="t">National labor standard (Paterson, N.J. : Weekly)</subfield><subfield code="w">(DLC)sn 86077196</subfield></datafield></record>